%% LaTeX2e file `test.bib'
%% generated by the `filecontents' environment
%% from source `test' on 2021/12/21.
%%

@book{Knuth1984texbook,
    Author = {Knuth, D.E.},
    Title = {The TEXbook, volume A of Computers and typesetting},
    Year = {1984}}

@book{Chomsky1957,
    Address = {The Hague},
    Author = {Noam Chomsky},
    Publisher = {Mouton},
    Title = {Syntactic Structures},
    Year = {1957}}

@book{Chomsky1965,
    Address = {Cambridge Mass.},
    Author = {Noam Chomsky},
    Publisher = {{MIT} Press},
    Title = {Aspects of the Theory of Syntax},
    Year = {1965}}
